@PREAMBLE{ {\providecommand{\noopsort}[1]{}} }

@book{kryptografia_stosowana,
    author    = "{\noopsort{ARedakcja}}{Alfred J. Menezes, Paul C. van Oorschot, Scott A. Vanstone}",
    title     = "Kryptografia stosowana",
    year      = "2005",
    publisher = "Wydawnictwo Naukowo - Techniczne"
}

@book{anubis_dokumentacja,
    author    = "{\noopsort{ARedakcja}}{Paulo S.L.M. Barreto, Vincent Rijmen}",
    title     = "The ANUBIS Block Cipher",
    year      = "2001",
    publisher = ""
}

@book{fips_197,
    author    = "{\noopsort{ARedakcja}}{Federal Information Processing Standards Publication 197}",
    title     = "ADVANCED ENCRYPTION STANDARD (AES)",
    year      = "2001",
    publisher = ""
}
@book{joan,
    author    = "{\noopsort{ARedakcja}}{J.~Daemen}",
    title     = "Cipher and hash function design
strategies based on linear and differential cryptanalysis, Doctoral Dissertation",
    year      = "1995",
    publisher = "K.U.Leuven"
}
@book{praktyczna_inzynieria,
    author    = "{\noopsort{ARedakcja}}{Redakcja naukowa Mateusz Jurczyk i Gynvael Coldwind}",
    title     = "Praktyczna inżynieria wsteczna",
    year      = "2016",
    publisher = "Wydawnictwo Naukowe PWN"
}
@book{techniki_tworcow,
    author    = "{\noopsort{AFarbaniec}}{Dawid Farbaniec}",
    title     = "Techniki twórców złośliwego oprogramowania. Elementarz programisty",
    year      = "2014",
    publisher = "Helion"
}

@book{cisco,
    author    = "{\noopsort{ARufi}}{Antoon Rufi and Mark Dye}",
    title     = "Akademia sieci Cisco CCNA Exploration semestr 1 Podstawy sieci",
    year      = "2013",
    publisher = "Wydawnictwo Naukowe PWN"
}

@article{dll_injection,
    author =      "{\noopsort{BPakulski}}{Maciej Pakulski}",
    title =        "DLL Injection",
    journal =      "Haking",
    volume =        "10",
    pages =        "32--38",
    year =         "2008"
}

@article{shellcode,
    author =       "{\noopsort{BGoldstein}}{Eran Goldstein}",
    title =        "Reverse Engineering - Shellcodes Techniques",
    journal =      "Haking on demand",
    volume =        "03",
    pages =        "30--33",
    year =         "2013"
}

@misc{uac1,
    author = "{\noopsort{CSchmoe}}{Joe Schmoe}",
    title = "Bypass UAC Using DLL Hijacking",
    year = "2016",
    url = "https://null-byte.wonderhowto.com/how-to/bypass-uac-using-dll-hijacking-0168600/",
    note = "(stan na 10.12.2017)"
}

@misc{inject_all_the_things,
    author = "{\noopsort{CReis}}{Rui Reis}",
    title = "Inject All the Things",
    year = "2017",
    url = "http://blog.deniable.org/blog/2017/07/16/inject-all-the-things/",
    note = "(stan na 10.12.2017)"
}

@misc{uac2,
    author = "{\noopsort{CRaymond}}{Raymond}",
    title = "How to Bypass User Account Control (UAC) in Windows",
    year = "2016",
    url = "https://www.raymond.cc/blog/weaknesses-windows-7-user-account-control/",
    note = "(stan na 10.12.2017)"
}


@misc{msfvenom,
    author = "{\noopsort{COffensive Security}}{Offensive Security}",
    title = "MSFvenom",
    year="2017",
    url = "https://www.offensive-security.com/metasploit-unleashed/msfvenom/",
    note = "(stan na 10.12.2017)"
}

@misc{write_process,
    author = "{\noopsort{CMSDN}}{MSDN Microsoft Documentation}",
    title = "WriteProcessMemory function",
    year="2017",
    url = "https://msdn.microsoft.com/pl-pl/library/windows/desktop/ms681674(v=vs.85).aspx",
    note = "(stan na 10.12.2017)"
}

@misc{enum,
    author = "{\noopsort{CMSDN}}{MSDN Microsoft Documentation}",
    title = "EnumProcesses function",
    year="2017",
    url = "https://msdn.microsoft.com/pl-pl/library/windows/desktop/ms682629(v=vs.85).aspx",
    note = "(stan na 10.12.2017)"
}

@misc{create_remote,
    author = "{\noopsort{CMSDN}}{MSDN Microsoft Documentation}",
    title = "CreateRemoteThread function",
    year="2017",
    url = "https://msdn.microsoft.com/pl-pl/library/windows/desktop/ms682437(v=vs.85).aspx",
    note = "(stan na 10.12.2017)"
}

@misc{queue_user,
    author = "{\noopsort{CMSDN}}{MSDN Microsoft Documentation}",
    title = "QueueUserAPC function",
    year="2017",
    url = "https://msdn.microsoft.com/en-us/library/windows/desktop/ms684954(v=vs.85).aspx",
    note = "(stan na 10.12.2017)"
}

@misc{xamp,
    author = "{\noopsort{CZameer}}{"Zameer Kharal}",
    title = "How To Install A Local Web Server With XAMPP ( In Urdu )",
    year = "2014",
    url = "http://urdutipsworld.blogspot.com/2014/12/how-to-install-local-web-server-with.html",
    note = "(stan na 10.12.2017)"
}

@misc{dll_1,
    author = "{\noopsort{CAntoniewicz}}{Brad Antoniewicz}",
    title = "Windows DLL Injection Basics ",
    year = "2013",
    url = "http://blog.opensecurityresearch.com/2013/01/windows-dll-injection-basics.html",
    note = "(stan na 10.12.2017)"
}

@misc{uac3,
    author = "{\noopsort{CParvez}}{Parvez}",
    title = "Bypassing Windows User Account Control (UAC) and ways of mitigation",
    year = "2014",
    url = "https://www.greyhathacker.net/?p=796",
    note = "(stan na 10.12.2017)"
}




@misc{statystyki,
    author = "{\noopsort{CKemp}}{Simon Kemp}",
    title = "Digital in 2017: Global Overview",
    year = "2017",
    url = "https://wearesocial.com/special-reports/digital-in-2017-global-overview",
    note = "(stan na 10.12.2017)"
}
@misc{Feistel,
    author = "{\noopsort{CKemp}}{Julio Hernandez-Castro}",
    title = "Illustration of a round in a Feistel network",
    year = "2006",
    url = "https://www.researchgate.net/figure/Illustration-of-a-round-in-a-Feistel-network_fig1_224645711",
    note = "(stan na 10.03.2019)"
}

@misc{SP,
    author = "{\noopsort{CKemp}}{Ella Rose}",
    title = "Substitution-permutation network visualizer",
    year = "2017",
    url = "https://crypto.stackexchange.com/questions/45300/substitution-permutation-network-visualizer%7D,",
    note = "(stan na 10.03.2019)"
}

@misc{strona_anubis,
    author = "{\noopsort{CKemp}}{Paulo S. L. M. Barret}",
    title = "Differences between RIJNDAEL and ANUBIS",
    year = "2008",
    url = "https://web.archive.org/web/20160606112246/http://www.larc.usp.br/~pbarreto/AnubisPage.html",
    note = "(stan na 11.03.2019)"
}